@misc{CountriesAllowBTC ,
	title= "Countries Where Bitcoin Is Legal & Illegal",
	author= "Prableen Bajpai",
	howpublished = "\url{https://www.investopedia.com/articles/forex/041515/countries-where-bitcoin-legal-illegal.asp}",
	year= "cited May 2019"
}

@book{finbook:1,
	Title={Technical Analysis For Dummies 2nd Edition},
	author={Barbara Rockefeller},
	year={2015},
	publisher={Willy Publishing, Inc},
	pages={95-1},
	url={https://the-eye.eu/public/Books/IT%20Various/technical_analysis_for_dummies_2nd_edition.pdf}
}

@misc{exchangeRanking,
	title= "Top 100 Cryptocurrency Exchanges",
	author= "Trade Volume",
	howpublished = "\url{https://coinmarketcap.com/rankings/exchanges/}",
	year= "cited March 2019"
}

@misc{live-order-book,
	title= "Cryptometer Live Order Book",
	author= "Trade Volume",
	howpublished = "\url{https://www.cryptometer.io/data/coinbase_pro/btc/usd}",
	year= "cited April 2019"
}


@article{gen-vs-dis,
	author = "Andrew Y. Ng, Michael I. Jordan",
	title =  "{On} Discriminative vs. Generative
	classifiers: A comparison of logistic
	regression and naive Bayes",
	journal = "NIPS",
	year = 2001,
	url={https://papers.nips.cc/paper/2020-on-discriminative-vs-generative-classifiers-a-comparison-of-logistic-regression-and-naive-bayes.pdf}
}
