@inproceedings{cordts2016cityscapes,
  title={The cityscapes dataset for semantic urban scene understanding},
  author={Cordts, Marius and Omran, Mohamed and Ramos, Sebastian and Rehfeld, Timo and Enzweiler, Markus and Benenson, Rodrigo and Franke, Uwe and Roth, Stefan and Schiele, Bernt},
  booktitle={Proceedings of the IEEE conference on computer vision and pattern recognition},
  pages={3213--3223},
  year={2016}
}

@misc{googleblog,
  author = {Jasper Uijlings, Vittorio Ferrari},
  title = {{Fluid Annotation: An Exploratory Machine Learning–Powered Interface for Faster Image Annotation}},
  howpublished = "\url{https://ai.googleblog.com/2018/10/fluid-annotation-exploratory-machine.html}",
  year = {2018}, 
  note = "[Online; accessed 12-Dec-2018]"
}

@misc{whydl,
  author = {Andrew Ng, Teaching Assistant - Younes Bensouda Mourri, Head Teaching Assistant - Kian Katanforoosh},
  title = {{Why is Deep Learning taking off?}},
  howpublished = "\url{https://www.coursera.org/lecture/neural-networks-deep-learning/why-is-deep-learning-taking-off-praGm}",
  year = {2017}, 
  note = "[Online; accessed 21-Nov-2018]"
}

@article{huang2015trends,
  title={Trends in extreme learning machines: A review},
  author={Huang, Gao and Huang, Guang-Bin and Song, Shiji and You, Keyou},
  journal={Neural Networks},
  volume={61},
  pages={32--48},
  year={2015},
  publisher={Elsevier}
}

@article{beck2001manifesto,
  title={Manifesto for agile software development},
  author={Beck, Kent and Beedle, Mike and Van Bennekum, Arie and Cockburn, Alistair and Cunningham, Ward and Fowler, Martin and Grenning, James and Highsmith, Jim and Hunt, Andrew and Jeffries, Ron and others},
  year={2001}
}

@misc{ neuronbrain,
  author = "Jim Marshall.",
  title = "Introduction to Neural Networks ",
  year = "2002",  
  howpublished = "http://science.slc.edu/jmarshall/courses/2002/fall/cs152/lectures/intro/intro.html",  
  note = "[Online; accessed 09-Oct-2018]"
}

@misc{ dutta2016via,
  author = "Dutta, A. and Gupta, A. and Zissermann, A.",
  title = "{VGG} Image Annotator ({VIA})",
  year = "2016",  
  howpublished = "http://www.robots.ox.ac.uk/~vgg/software/via/",  
  note = "[Online; accessed 11-Oct-2018]"
}

@misc{facetracker,
  author = "Qiong Cao, Omkar M. Parkhi, Mark Everingham, Josef Sivic, Andrew Zisserman.",
  title = "VGG Face tracker",
  year = "2016",  
  howpublished = "http://www.robots.ox.ac.uk/~vgg/software/face_tracker/",  
  note = "[Online; accessed 11-Oct-2018]"
}

@article{everingham2009taking,
  title={Taking the bite out of automated naming of characters in TV video},
  author={Everingham, Mark and Sivic, Josef and Zisserman, Andrew},
  journal={Image and Vision Computing},
  volume={27},
  number={5},
  pages={545--559},
  year={2009},
  publisher={Elsevier}
}

@article{ren2017faster,
  title={Faster R-CNN: towards real-time object detection with region proposal networks},
  author={Ren, Shaoqing and He, Kaiming and Girshick, Ross and Sun, Jian},
  journal={IEEE Transactions on Pattern Analysis \& Machine Intelligence},
  number={6},
  pages={1137--1149},
  year={2017},
  publisher={IEEE}
}

@inproceedings{klaser2010human,
  title={Human focused action localization in video},
  author={Kl{\"a}ser, Alexander and Marsza{\l}ek, Marcin and Schmid, Cordelia and Zisserman, Andrew},
  booktitle={European Conference on Computer Vision},
  pages={219--233},
  year={2010},
  organization={Springer}
  }

@misc{imglab,
  author = {NaturalIntelligence},
  title = {{A web based tool to label images for objects that can be used to train dlib or other object detectors.}},
  howpublished = "\url{https://github.com/NaturalIntelligence/imglab}",
  year = {2017}, 
  note = "[Online; accessed 22-Nov-2018]"
}

@misc{pascalVOC,
  author = {Mark Everingham (University of Leeds), Luc van Gool (ETHZ, Zurich), Chris Williams (University of Edinburgh), John Winn (Microsoft Research Cambridge), Andrew Zisserman (University of Oxford)},
  title = {{The PASCAL Visual Object Classes Homepage.}},
  howpublished = "\url{http://host.robots.ox.ac.uk/pascal/VOC/}",
  year = {2005}, 
  note = "[Online; accessed 01-Nov-2018]"
}

@inproceedings{lin2014microsoft,
  title={Microsoft coco: Common objects in context},
  author={Lin, Tsung-Yi and Maire, Michael and Belongie, Serge and Hays, James and Perona, Pietro and Ramanan, Deva and Doll{\'a}r, Piotr and Zitnick, C Lawrence},
  booktitle={European conference on computer vision},
  pages={740--755},
  year={2014},
  organization={Springer}
}

@misc{faceplusplus,
  title = {{Face++ Cognitive Services}},
  howpublished = "\url{https://www.faceplusplus.com/}",
  year = {2012}, 
  note = "[Online; accessed 15-Oct-2018]"
}

@misc{cvat,
  author = {OpenCV},
  title = {{Computer Vision Annotation Tool (CVAT).}},
  howpublished = "\url{https://github.com/opencv/cvat}",
  year = {2018}, 
  note = "[Online; accessed 26-Nov-2018]"
}

@article{Merkel:2014:DLL:2600239.2600241,
 author = {Merkel, Dirk},
 title = {Docker: Lightweight Linux Containers for Consistent Development and Deployment},
 journal = {Linux J.},
 issue_date = {March 2014},
 volume = {2014},
 number = {239},
 month = mar,
 year = {2014},
 issn = {1075-3583},
 articleno = {2},
 url = {http://dl.acm.org/citation.cfm?id=2600239.2600241},
 acmid = {2600241},
 publisher = {Belltown Media},
 address = {Houston, TX},
 }

@misc{playment,
  author = {Siddharth Mall, Ajinkya Malasane, Akshay Lal},
  title = {{One-stop Data Labeling Platform.}},
  howpublished = "\url{https://playment.io/}",
  year = {2015}, 
  note = "[Online; accessed 10-Nov-2018]"
}

@misc{deepsystems,
  author = {Denis Drozdov, Maxim Kolomeychenko, Yuri Borisov},
  title = {{The leading platform for entire computer vision lifecycle.}},
  howpublished = "\url{https://supervise.ly/}",
  year = {2017}, 
  note = "[Online; accessed 30-Oct-2018]"
}

@inproceedings{yang2018leveraging,
  title={Leveraging Crowdsourcing Data For Deep Active Learning An Application: Learning Intents in Alexa},
  author={Yang, Jie and Drake, Thomas and Damianou, Andreas and Maarek, Yoelle},
  booktitle={Proceedings of the 2018 World Wide Web Conference on World Wide Web},
  pages={23--32},
  year={2018},
  organization={International World Wide Web Conferences Steering Committee}
}

@article{tomar2006converting,
  title={Converting video formats with FFmpeg},
  author={Tomar, Suramya},
  journal={Linux Journal},
  volume={2006},
  number={146},
  pages={10},
  year={2006},
  publisher={Belltown Media}
  }

@Article{Simonyan14c,
    author       = "Simonyan, K. and Zisserman, A.",
    title        = "Very Deep Convolutional Networks for Large-Scale Image Recognition",
    journal      = "CoRR",
    volume       = "abs/1409.1556",
    year         = "2014"
}

@article{simonyan2014very,
  title={Very deep convolutional networks for large-scale image recognition},
  author={Simonyan, Karen and Zisserman, Andrew},
  journal={arXiv preprint arXiv:1409.1556},
  year={2014}
}

@misc{vgg16,
  author = {Davi Frossard},
  title = {{VGG in TensorFlow.}},
  howpublished = "\url{https://www.cs.toronto.edu/~frossard/post/vgg16/}",
  year = {2015}, 
  note = "[Online; accessed 10-May-2019]"
}

@article{liu2015ssd,
  title={SSD: single shot multibox detector. CoRR abs/1512.02325 (2015)},
  author={Liu, Wei and Anguelov, Dragomir and Erhan, Dumitru and Szegedy, Christian and Reed, Scott E and Fu, Cheng-Yang and Berg, Alexander C},
  journal={arXiv preprint arXiv:1512.02325},
  year={2015}
}

@misc{djangologo,
  author = {Django},
  title = {{Django The web framework for perfectionists with deadlines.}},
  howpublished = "\url{https://www.djangoproject.com/community/logos/}",
  year = {2005-2019}, 
  note = "[Online; accessed 15-May-2019]"
}

@misc{django-simple-history,
  author = {django-simple-history},
  title = {{django-simple-history.}},
  howpublished = "\url{https://django-simple-history.readthedocs.io}",
  year = {2013-2019}, 
  note = "[Online; accessed 15-Feb-2019]"
}

@misc{materialui,
  author = {Material-UI Team},
  title = {{The world of most popular React UI framework - Material-UI.}},
  howpublished = "\url{https://material-ui.com}",
  note = "[Online; accessed 01-Feb-2019]"
}


%%%%%%%%%%%%%%%%%% Nam
@misc{CountriesAllowBTC ,
	title= "Countries Where Bitcoin Is Legal \& Illegal",
	author= "Prableen Bajpai",
	howpublished = "\url{https://www.investopedia.com/articles/forex/041515/countries-where-bitcoin-legal-illegal.asp}",
	year = "cited May 2019"
}

@misc{exchangeRanking,
	title = "Top 100 Cryptocurrency Exchanges",
	author = "Trade Volume",
	howpublished = "\url{https://coinmarketcap.com/rankings/exchanges/}",
	year = "cited March 2019"
}

@book{finbook:1,
	Title = "Technical Analysis For Dummies 2nd Edition",
	author = "Barbara Rockefeller",
	year = "2015",
	publisher = "Willy Publishing, Inc",
	pages = "95-1",
	url = "https://the-eye.eu/public/Books/IT%20Various/technical_analysis_for_dummies_2nd_edition.pdf"
}

@article{noise-in-finance,
	author = "Fischer Black",
	title =  "Noise",
	journal = "Journal of Finance, Volume 41",
	year = "1986",
	doi = "https://doi.org/10.1111/j.1540-6261.1986.tb04513.x",
	url = "https://papers.nips.cc/paper/2020-on-discriminative-vs-generative-classifiers-a-comparison-of-logistic-regression-and-naive-bayes.pdf"
}

@article{gen-vs-dis,
	author = "Andrew Y. Ng, Michael I. Jordan",
	title =  "{On} Discriminative vs. Generative
	classifiers: A comparison of logistic
	regression and naive Bayes",
	journal = "NIPS",
	year = "2001",
	url = "https://papers.nips.cc/paper/2020-on-discriminative-vs-generative-classifiers-a-comparison-of-logistic-regression-and-naive-bayes.pdf"
}

@article{autoencoder-for-molecular-design,
	author = "Rafael Gómez-Bombarelli, Jennifer N. Wei, David Duvenaud, José Miguel Hernández-Lobato, Benjamín Sánchez-Lengeling,  Dennis Sheberla, Jorge Aguilera-Iparraguirre, Timothy D. Hirzel, Ryan P. Adams, và Alán Aspuru-Guzik",
	title =  "Automatic Chemical Design Using a Data-Driven Continuous Representation of Molecules",
	journal = "ACS Central ScienceACS Central Science",
	year = "2018",
	doi = https://doi.org/10.1021/acscentsci.7b00572,
}

@article{paper-automated-bitcoin-trading,
	author = "Isaac Madan, Shaurya Salu, Aojia Zhao",
	title =  "Automated Bitcoin Trading via Machine Learning Algorithms",
}

@article{paper-Bitcoin-Transaction-Graph,
	author = "Alex Greaves, Benjamin Au",
	title =  "Using the Bitcoin Transaction Graph to Predict the Price of Bitcoin"
}

@book{bishop,
	Title = "Pattern Recognition and Machine Learning",
	author = "Christopher M. Bishop",
	publisher = "Springer",
	year = "2006",
	url = "http://research.microsoft.com/en-us/um/people/cmbishop/prml/"
}



@book{intro_variational,
	author = "Michael I. Jordan, Zoubin Ghahramani, Tommi S. Jaakkola, Lawrence K. Saul
",
	title =  "An Introduction to Variational Methods for Graphical Models",
	publisher = "Springer",
	year = "1999",
	doi="https://doi.org/10.1023/A:1007665907178"
}

