@misc{CountriesAllowBTC ,
	title= "Countries Where Bitcoin Is Legal \& Illegal",
	author= "Prableen Bajpai",
	howpublished = "\url{https://www.investopedia.com/articles/forex/041515/countries-where-bitcoin-legal-illegal.asp}",
	year = "cited May 2019"
}

@misc{exchangeRanking,
	title = "Top 100 Cryptocurrency Exchanges",
	author = "Trade Volume",
	howpublished = "\url{https://coinmarketcap.com/rankings/exchanges/}",
	year = "cited March 2019"
}

@book{finbook:1,
	Title = "Technical Analysis For Dummies 2nd Edition",
	author = "Barbara Rockefeller",
	year = "2015",
	publisher = "Willy Publishing, Inc",
	pages = "95-1",
	url = "https://the-eye.eu/public/Books/IT%20Various/technical_analysis_for_dummies_2nd_edition.pdf"
}

@article{noise-in-finance,
	author = "Fischer Black",
	title =  "Noise",
	journal = "Journal of Finance, Volume 41",
	year = "1986",
	doi = "https://doi.org/10.1111/j.1540-6261.1986.tb04513.x",
	url = "https://papers.nips.cc/paper/2020-on-discriminative-vs-generative-classifiers-a-comparison-of-logistic-regression-and-naive-bayes.pdf"
}

@article{gen-vs-dis,
	author = "Andrew Y. Ng, Michael I. Jordan",
	title =  "{On} Discriminative vs. Generative
	classifiers: A comparison of logistic
	regression and naive Bayes",
	journal = "NIPS",
	year = "2001",
	url = "https://papers.nips.cc/paper/2020-on-discriminative-vs-generative-classifiers-a-comparison-of-logistic-regression-and-naive-bayes.pdf"
}

@article{autoencoder-for-molecular-design,
	author = "Rafael Gómez-Bombarelli, Jennifer N. Wei, David Duvenaud, José Miguel Hernández-Lobato, Benjamín Sánchez-Lengeling,  Dennis Sheberla, Jorge Aguilera-Iparraguirre, Timothy D. Hirzel, Ryan P. Adams, và Alán Aspuru-Guzik",
	title =  "Automatic Chemical Design Using a Data-Driven Continuous Representation of Molecules",
	journal = "ACS Central ScienceACS Central Science",
	year = "2018",
	doi = https://doi.org/10.1021/acscentsci.7b00572,
}

@article{paper-automated-bitcoin-trading,
	author = "Isaac Madan, Shaurya Salu, Aojia Zhao",
	title =  "Automated Bitcoin Trading via Machine Learning Algorithms",
}

@article{paper-Bitcoin-Transaction-Graph,
	author = "Alex Greaves, Benjamin Au",
	title =  "Using the Bitcoin Transaction Graph to Predict the Price of Bitcoin"
}

@book{bishop,
	Title = "Pattern Recognition and Machine Learning",
	author = "Christopher M. Bishop",
	publisher = "Springer",
	year = "2006",
	url = "http://research.microsoft.com/en-us/um/people/cmbishop/prml/"
}



@book{intro_variational,
	author = "Michael I. Jordan, Zoubin Ghahramani, Tommi S. Jaakkola, Lawrence K. Saul
",
	title =  "An Introduction to Variational Methods for Graphical Models",
	publisher = "Springer",
	year = "1999",
	doi="https://doi.org/10.1023/A:1007665907178"
}

